% Encoding: UTF-8

@article{lan2020multi,
  title={Multi-target detection with an arbitrary spacing distribution},
  author={Lan, Ti-Yen and Bendory, Tamir and Boumal, Nicolas and Singer, Amit},
  journal={IEEE Transactions on Signal Processing},
  volume={68},
  pages={1589--1601},
  year={2020},
  publisher={IEEE}
}

@article{bendory2020single,
  title={Single-particle cryo-electron microscopy: Mathematical theory, computational challenges, and opportunities},
  author={Bendory, Tamir and Bartesaghi, Alberto and Singer, Amit},
  journal={IEEE Signal Processing Magazine},
  volume={37},
  number={2},
  pages={58--76},
  year={2020},
  publisher={IEEE}
}

@ARTICLE{blind_deconvolution,
	author={D. {Kundur} and D. {Hatzinakos}},
	journal={IEEE Signal Processing Magazine},
	title={Blind image deconvolution},
	year={1996},
	volume={13},
	number={3},
	pages={43-64},
	keywords={Three-dimensional displays;Two dimensional displays;Microscopy;Photomicrography;Estimation;Microscopy;Proteins},
	ISSN={1053-588},
	month={May},}

@article{gogineni2017passive,
  title={Passive radar detection with noisy reference channel using principal subspace similarity},
  author={Gogineni, Sandeep and Setlur, Pawan and Rangaswamy, Muralidhar and Nadakuditi, Raj Rao},
  journal={IEEE Transactions on Aerospace and Electronic Systems},
  volume={54},
  number={1},
  pages={18--36},
  year={2017},
  publisher={IEEE}
}

@article{levin2006blind,
  title={Blind motion deblurring using image statistics},
  author={Levin, Anat},
  journal={Advances in Neural Information Processing Systems},
  volume={19},
  pages={841--848},
  year={2006}
}

@article{abed1997blind,
  title={Blind system identification},
  author={Abed-Meraim, Karim and Qiu, Wanzhi and Hua, Yingbo},
  journal={Proceedings of the IEEE},
  volume={85},
  number={8},
  pages={1310--1322},
  year={1997},
  publisher={IEEE}
}

@article{schulz1993multiframe,
  title={Multiframe blind deconvolution of astronomical images},
  author={Schulz, Timothy J},
  journal={JOSA A},
  volume={10},
  number={5},
  pages={1064--1073},
  year={1993},
  publisher={Optical Society of America}
}

@ARTICLE{microscopy,
  author={P. {Sarder} and A. {Nehorai}},
  journal={IEEE Signal Processing Magazine},
  title={Deconvolution methods for 3-D fluorescence microscopy images},
  year={2006},
  volume={23},
  number={3},
  pages={32-45},
  doi={10.1109/MSP.2006.1628876}}



@article{bendory2018toward,
  title={Toward single particle reconstruction without particle picking: breaking the detection limit},
  author={Bendory, Tamir and Boumal, Nicolas and Leeb, William and Levin, Eitan and Singer, Amit},
  journal={arXiv preprint arXiv:1810.00226},
  year={2018}
}

@article{bendory2019multi,
  title={Multi-target detection with application to cryo-electron microscopy},
  author={Bendory, Tamir and Boumal, Nicolas and Leeb, William and Levin, Eitan and Singer, Amit},
  journal={Inverse Problems},
  volume={35},
  number={10},
  pages={104003},
  year={2019},
  publisher={IOP Publishing}
}

@article{CurrentWorkflow1,
	author = {Grigorieff, N. and Grant, T. and Rohou, A.},
	year = {2017},
	month = {12},
	pages = {C1368-C1368},
	title = {cis{TEM} : user-friendly software for single-particle image processing},
	volume = {73},
	journal = {Acta Crystallographica Section A Foundations and Advances},
	doi = {10.1107/S2053273317082079}
}

@article{punjani2017cryosparc,
  title={cryo{SPARC}: algorithms for rapid unsupervised cryo-{EM} structure determination},
  author={Punjani, Ali and Rubinstein, John L and Fleet, David J and Brubaker, Marcus A},
  journal={Nature methods},
  volume={14},
  number={3},
  pages={290--296},
  year={2017},
  publisher={Nature Publishing Group}
}

@book{Reference2,
	title={Mathematical Methods for Physicists},
	author={Arfken, G.B. and Weber, H.J. and Harris, F.E.},
	isbn={9780120598762},
	lccn={94024911},
	url={https://books.google.co.il/books?id=f3aCnXWV1CcC},
	year={2005},
	publisher={Elsevier}
}

@ARTICLE{Reference3,
	author={E. {Abbe} and T. {Bendory} and W. {Leeb} and J. M. {Pereira} and N. {Sharon} and A. {Singer}},
	journal={IEEE Transactions on Information Theory},
	title={Multireference Alignment Is Easier With an Aperiodic Translation Distribution},
	year={2019},
	volume={65},
	number={6},
	pages={3565-3584},
	keywords={concave programming;covariance matrices;expectation-maximisation algorithm;Gaussian distribution;Gaussian noise;mean square error methods;signal processing;SNR;Chapman-Robbins bound;spectral algorithm;expectation-maximization;spiked covariance model;nonconvex optimization;mean-square error to zero;signal energy;signal-to-noise ratio;Gaussian noise;random circular translation;multireference alignment model;aperiodic translation distribution scales;sample complexity;uniform distribution;mean-square error;noise variance;Complexity theory;Signal to noise ratio;Noise measurement;Discrete Fourier transforms;Synchronization;Estimation;Multireference alignment;spectral algorithm;method of moments;spiked covariance model;non-convex optimization;expectation-maximization;cryo–EM},
	doi={10.1109/TIT.2018.2889674},
	ISSN={1557-9654},
	month={June},}



@inproceedings{marshall2020image,
  title={Image recovery from rotational and translational invariants},
  author={Marshall, Nicholas F and Lan, Ti-Yen and Bendory, Tamir and Singer, Amit},
  booktitle={ICASSP 2020-2020 IEEE International Conference on Acoustics, Speech and Signal Processing (ICASSP)},
  pages={5780--5784},
  year={2020},
  organization={IEEE}
}

@article{bai2015cryo,
  title={How cryo-{EM} is revolutionizing structural biology},
  author={Bai, Xiao-Chen and McMullan, Greg and Scheres, Sjors HW},
  journal={Trends in Biochemical Sciences},
  volume={40},
  number={1},
  pages={49--57},
  year={2015},
  publisher={Elsevier}
}

@article{BioRef2,
	author = {Nogales, E. and Scheres, S.},
	year = {2015},
	month = {05},
	pages = {677-689},
	title = {Cryo-{EM}: A Unique Tool for the Visualization of Macromolecular Complexity},
	volume = {58},
	journal = {Molecular cell},
	doi = {10.1016/j.molcel.2015.02.019}
}

@article{BioRef3,
	author = {Vinothkumar, K. and Henderson, R.},
	year = {2016},
	month = {01},
	pages = {},
	title = {Single particle electron cryomicroscopy: Trends, issues and future perspective},
	volume = {49},
	journal = {Quarterly Reviews of Biophysics},
	doi = {10.1017/S0033583516000068}
}

@article{heimowitz2020reducing,
  title={Reducing bias and variance for {CTF} estimation in single particle cryo-{EM}},
  author={Heimowitz, Ayelet and And{\'e}n, Joakim and Singer, Amit},
  journal={Ultramicroscopy},
  volume={212},
  pages={112950},
  year={2020},
  publisher={Elsevier}
}

@ARTICLE{DL_survey,
  author={A. {Lucas} and M. {Iliadis} and R. {Molina} and A. K. {Katsaggelos}},
  journal={IEEE Signal Processing Magazine},
  title={Using Deep Neural Networks for Inverse Problems in Imaging: Beyond Analytical Methods},
  year={2018},
  volume={35},
  number={1},
  pages={20-36},}

@article {Antun201907377,
	author = {Antun, V. and Renna, F. and Poon, C. and Adcock, B. and Hansen, A. C.},
	title = {On instabilities of deep learning in image reconstruction and the potential costs of {AI}},
	elocation-id = {201907377},
	year = {2020},
	doi = {10.1073/pnas.1907377117},
	publisher = {National Academy of Sciences},
	abstract = {Deep learning, due to its unprecedented success in tasks such as image classification, has emerged as a new tool in image reconstruction with potential to change the field. In this paper, we demonstrate a crucial phenomenon: Deep learning typically yields unstable methods for image reconstruction. The instabilities usually occur in several forms: 1) Certain tiny, almost undetectable perturbations, both in the image and sampling domain, may result in severe artefacts in the reconstruction; 2) a small structural change, for example, a tumor, may not be captured in the reconstructed image; and 3) (a counterintuitive type of instability) more samples may yield poorer performance. Our stability test with algorithms and easy-to-use software detects the instability phenomena. The test is aimed at researchers, to test their networks for instabilities, and for government agencies, such as the Food and Drug Administration (FDA), to secure safe use of deep learning methods.},
	issn = {0027-8424},
	URL = {https://www.pnas.org/content/early/2020/05/08/1907377117},
	eprint = {https://www.pnas.org/content/early/2020/05/08/1907377117.full.pdf},
	journal = {Proceedings of the National Academy of Sciences}
}

@INPROCEEDINGS{8237889,
  author={J. H. R. {Chang} and C. {Li} and B. {Póczos} and B. V. K. {Vijaya Kumar} and A. C. {Sankaranarayanan}},
  booktitle={2017 IEEE International Conference on Computer Vision (ICCV)},
  title={One Network to Solve Them All — Solving Linear Inverse Problems Using Deep Projection Models},
  year={2017},
  volume={},
  number={},
  pages={5889-5898},}

@ARTICLE{7544541,
  author={C. {Aguerrebere} and M. {Delbracio} and A. {Bartesaghi} and G. {Sapiro}},
  journal={IEEE Transactions on Signal Processing},
  title={Fundamental Limits in Multi-Image Alignment},
  year={2016},
  volume={64},
  number={21},
  pages={5707-5722},}

@article{casella_berger_2001, place={New York, USA}, edition={1st}, title={Estimation: Point and Interval}, journal={International Encyclopedia of the Social and Behavioral Sciences}, publisher={Elsevier}, author={Casella, G. and Berger, R. L.}, editor={Smelser, N. J. and Baltes, P. B.Editors},
year={2001}, pages={4744–4749}}

@book{grimmett2001probability,
  added-at = {2012-05-18T19:41:41.000+0200},
  author = {Grimmett, G.R. and Stirzaker, D.R.},
  biburl = {https://www.bibsonomy.org/bibtex/22bbae2be9d547ef9bbc4103b367805ca/peter.ralph},
  interhash = {9e023bc0f37e304148d2a3cd4abf32f6},
  intrahash = {2bbae2be9d547ef9bbc4103b367805ca},
  keywords = {probability reference textbook},
  publisher = {Oxford university press},
  timestamp = {2012-05-18T19:41:41.000+0200},
  title = {Probability and random processes},
  url = {http://scholar.google.com/scholar.bib?q=info:xzStZXK20NkJ:scholar.google.com/&output=citation&hl=en&as_sdt=0,5&ct=citation&cd=0},
  volume = 80,
  year = 2001
}

@article{kam1980reconstruction,
  title={The reconstruction of structure from electron micrographs of randomly oriented particles},
  author={Kam, Zvi},
  journal={Journal of Theoretical Biology},
  volume={82},
  number={1},
  pages={15--39},
  year={1980},
  publisher={Elsevier}
}


@article{SIGWORTH1998328,
title = {A Maximum-Likelihood Approach to Single-Particle Image Refinement},
journal = {Journal of Structural Biology},
volume = {122},
number = {3},
pages = {328 - 339},
year = {1998},
issn = {1047-8477},
doi = {https://doi.org/10.1006/jsbi.1998.4014},
url = {http://www.sciencedirect.com/science/article/pii/S104784779894014X},
author = {Sigworth, F.J.},
keywords = {electron microscopy, maximum likelihood, single-particle alignment.},
abstract = {The alignment of single-particle images fails at low signal-to-noise ratios and small particle sizes, because noise produces false peaks in the cross-correlation function used for alignment. A maximum-likelihood approach to the two-dimensional alignment problem is described which allows the underlying structure to be estimated from large data sets of very noisy images. Instead of finding the optimum alignment for each image, the algorithm forms a weighted sum over all possible in-plane rotations and translations of the image. The weighting factors, which are the probabilities of the image transformations, are computed as the exponential of a cross-correlation function. Simulated data sets were constructed and processed by the algorithm. The results demonstrate a greatly reduced sensitivity to the choice of a starting reference, and the ability to recover structures from large data sets having very low signal-to-noise ratios.}
}

@article{nogales2016development,
  title={The development of cryo-{EM} into a mainstream structural biology technique},
  author={Nogales, Eva},
  journal={Nature methods},
  volume={13},
  number={1},
  pages={24--27},
  year={2016},
  publisher={Nature Publishing Group}
}

@article{henderson1995potential,
  title={The potential and limitations of neutrons, electrons and {X}-rays for atomic resolution microscopy of unstained biological molecules},
  author={Henderson, Richard},
  journal={Quarterly Reviews of Biophysics},
  volume={28},
  number={2},
  pages={171--193},
  year={1995},
  publisher={Cambridge University Press}
}

@book{frank2006three,
  title={Three-dimensional electron microscopy of macromolecular assemblies: visualization of biological molecules in their native state},
  author={Frank, Joachim},
  year={2006},
  publisher={Oxford University Press}
}

@article{GlaeserElCry,
author = {Glaeser, R.},
year = {2003},
month = {11},
pages = {243-275},
title = {Electron Crystallography of Biological Macromolecules},
volume = {36},
journal = {Annual Review of Physical Chemistry},
doi = {10.1146/annurev.pc.36.100185.001331}
}

@article{nobel_lecture_frank,
author = {Frank, J.},
title = {Single-Particle Reconstruction of Biological Molecules—Story in a Sample ({N}obel Lecture)},
journal = {Angewandte Chemie International Edition},
volume = {57},
number = {34},
pages = {10826-10841},
keywords = {cryo-electron microscopy, Nobel lecture, single-particle microscopy, structural biology},
doi = {10.1002/anie.201802770},
url = {https://onlinelibrary.wiley.com/doi/abs/10.1002/anie.201802770},
eprint = {https://onlinelibrary.wiley.com/doi/pdf/10.1002/anie.201802770},
abstract = {Pictures tell a thousand words: The development of single-particle cryo-electron microscopy set the stage for high-resolution structure determination of biological molecules. In his Nobel lecture, J. Frank describes the ground-breaking discoveries that have enabled the development of cryo-{EM}. The method has taken biochemistry into a new era.},
year = {2018}
}

@article{SBDD,
author = {Scapin, G. and Potter, C. and Carragher, B.},
year = {2018},
month = {08},
pages = {},
title = {Cryo-{EM} for Small Molecules Discovery, Design, Understanding, and Application},
volume = {25},
journal = {Cell Chemical Biology},
doi = {10.1016/j.chembiol.2018.07.006}
}

@article{bandeira2017estimation,
  title={Estimation under group actions: recovering orbits from invariants},
  author={Bandeira, Afonso S and Blum-Smith, Ben and Kileel, Joe and Perry, Amelia and Weed, Jonathan and Wein, Alexander S},
  journal={arXiv preprint arXiv:1712.10163},
  year={2017}
}


@article{Abbe2018EstimationIT,
  title={Estimation in the Group Action Channel},
  author={E. Abbe and J. M. Pereira and A. Singer},
  journal={2018 IEEE International Symposium on Information Theory (ISIT)},
  year={2018},
  pages={561-565}
}

@article{shatsky,
author = {Shatsky, M. and Hall, R. and Brenner, S. and Glaeser, R.},
year = {2009},
month = {04},
pages = {67-78},
title = {A Method for the Alignment of Heterogeneous Macromolecules from Electron Microscopy},
volume = {166},
journal = {Journal of structural biology},
doi = {10.1016/j.jsb.2008.12.008}
}

@article {Henderson18037,
	author = {Henderson, R.},
	title = {Avoiding the pitfalls of single particle cryo-electron microscopy: Einstein from noise},
	volume = {110},
	number = {45},
	pages = {18037--18041},
	year = {2013},
	doi = {10.1073/pnas.1314449110},
	publisher = {National Academy of Sciences},
	abstract = {Single particle cryo-electron microscopy is currently poised to produce high-resolution structures of many biological assemblies, but several pitfalls can trap the unwary. This critique highlights one problem that is particularly relevant when smaller structures are being studied. It is known as {\textquotedblleft}Einstein from noise,{\textquotedblright} in which the experimenter honestly believes they have recorded images of their particles, whereas in reality, most if not all of their data consist of pure noise. Selection of particles using cross-correlation methods can then lead to 3D maps that resemble the model used in the initial selection and provide the illusion of progress. Suggestions are given about how to circumvent the problem.},
	issn = {0027-8424},
	URL = {https://www.pnas.org/content/110/45/18037},
	eprint = {https://www.pnas.org/content/110/45/18037.full.pdf},
	journal = {Proceedings of the National Academy of Sciences}
}

@incollection{nearest_neighbors,
	author = {Maneewongvatana, S. and Mount, D.},

	title = {Analysis of approximate nearest neighbor searching with clustered point sets},

  editor    = {M. H. Goldwasser and
               D. S. Johnson and
               C. C. McGeoch},
  booktitle     = {Data Structures, Near Neighbor Searches, and Methodology: Fifth and
               Sixth {DIMACS} Implementation Challenges, Proceedings of a {DIMACS}
               Workshop, USA, 1999},
  series    = {{DIMACS} Series in Discrete Mathematics and Theoretical Computer Science},
  volume    = {59},
  publisher = {{DIMACS/AMS}},
  year      = {2002},
  url       = {https://doi.org/10.1090/dimacs/059},
  doi       = {10.1090/dimacs/059},
  isbn      = {978-0-8218-2892-2},
  timestamp = {Tue, 16 Jul 2019 16:47:56 +0200},
  biburl    = {https://dblp.org/rec/conf/dimacs/dimacs59.bib},
  bibsource = {dblp computer science bibliography, https://dblp.org}
}
}

@article{aguerrebere2016fundamental,
  title={Fundamental limits in multi-image alignment},
  author={Aguerrebere, Cecilia and Delbracio, Mauricio and Bartesaghi, Alberto and Sapiro, Guillermo},
  journal={IEEE Transactions on Signal Processing},
  volume={64},
  number={21},
  pages={5707--5722},
  year={2016},
  publisher={IEEE}
}

@article{bendory2021multi,
  title={Multi-target detection with rotations},
  author={Bendory, Tamir and Lan, Ti-Yen and Marshall, Nicholas F and Rukshin, Iris and Singer, Amit},
  journal={arXiv preprint arXiv:2101.07709},
  year={2021}
}


@article{scheres2012relion,
  title={{RELION}: implementation of a {B}ayesian approach to cryo-{EM} structure determination},
  author={Scheres, Sjors HW},
  journal={Journal of Structural Biology},
  volume={180},
  number={3},
  pages={519--530},
  year={2012},
  publisher={Elsevier}
}

@article{zhao2016fast,
  title={Fast steerable principal component analysis},
  author={Zhao, Zhizhen and Shkolnisky, Yoel and Singer, Amit},
  journal={IEEE Transactions on Computational Imaging},
  volume={2},
  number={1},
  pages={1--12},
  year={2016},
  publisher={IEEE}
}

@article{d2021current,
  title={Current limitations to high-resolution structure determination by single-particle cryo{EM}},
  author={D'Imprima, Edoardo and K{\"u}hlbrandt, Werner},
  journal={Quarterly Reviews of Biophysics},
  volume={54},
  year={2021},
  publisher={Cambridge University Press}
}

@article{erickson1971measurement,
  title={Measurement and compensation of defocusing and aberrations by {F}ourier processing of electron micrographs},
  author={Erickson, HP and Klug, Aaron},
  journal={Philosophical Transactions of the Royal Society of London. B, Biological Sciences},
  volume={261},
  number={837},
  pages={105--118},
  year={1971},
  publisher={The Royal Society London}
}

@ARTICLE{bispectrum_inversion,
  author={T. {Bendory} and N. {Boumal} and C. {Ma} and Z. {Zhao} and A. {Singer}},
  journal={IEEE Transactions on Signal Processing},
  title={Bispectrum Inversion With Application to Multireference Alignment},
  year={2018},
  volume={66},
  number={4},
  pages={1037-1050},
  doi={10.1109/TSP.2017.2775591}}

@inproceedings{abbe2018estimation,
  title={Estimation in the group action channel},
  author={Abbe, Emmanuel and Pereira, Jo{\~a}o M and Singer, Amit},
  booktitle={2018 IEEE International Symposium on Information Theory (ISIT)},
  pages={561--565},
  year={2018},
  organization={IEEE}
}

@article{bandeira2020optimal,
  title={Optimal rates of estimation for multi-reference alignment},
  author={Bandeira, Afonso S and Niles-Weed, Jonathan and Rigollet, Philippe},
  journal={Mathematical Statistics and Learning},
  volume={2},
  number={1},
  pages={25--75},
  year={2020}
}

@article{lucas2018using,
  title={Using deep neural networks for inverse problems in imaging: beyond analytical methods},
  author={Lucas, Alice and Iliadis, Michael and Molina, Rafael and Katsaggelos, Aggelos K},
  journal={IEEE Signal Processing Magazine},
  volume={35},
  number={1},
  pages={20--36},
  year={2018},
  publisher={IEEE}
}

@article{gupta2020cryogan,
  title={Cryo{GAN}: a new reconstruction paradigm for single-particle Cryo-{EM} via deep adversarial learning},
  author={Gupta, Harshit and McCann, Michael T and Donati, Laurene and Unser, Michael},
  journal={BioRxiv},
  year={2020},
  publisher={Cold Spring Harbor Laboratory}
}

@article{perry2019sample,
  title={The sample complexity of multireference alignment},
  author={Perry, Amelia and Weed, Jonathan and Bandeira, Afonso S and Rigollet, Philippe and Singer, Amit},
  journal={SIAM Journal on Mathematics of Data Science},
  volume={1},
  number={3},
  pages={497--517},
  year={2019},
  publisher={SIAM}
}

@article{romanov2021multi,
  title={Multi-reference alignment in high dimensions: sample complexity and phase transition},
  author={Romanov, Elad and Bendory, Tamir and Ordentlich, Or},
  journal={SIAM Journal on Mathematics of Data Science},
  volume={3},
  number={2},
  pages={494--523},
  year={2021},
  publisher={SIAM}
}

@article{zhong2021cryodrgn,
  title={Cryo{DRGN}: reconstruction of heterogeneous cryo-{EM} structures using neural networks},
  author={Zhong, Ellen D and Bepler, Tristan and Berger, Bonnie and Davis, Joseph H},
  journal={Nature Methods},
  volume={18},
  number={2},
  pages={176--185},
  year={2021},
  publisher={Nature Publishing Group}
}

@article{kreymer2021two,
  title={Two-dimensional multi-target detection: an autocorrelation analysis approach},
  author={Kreymer, Shay and Bendory, Tamir},
  journal={arXiv preprint arXiv:2105.06765},
  year={2021}
}

@Article{pearson1894contributions,
  author    = {Pearson, Karl},
  journal   = {Philosophical Transactions of the Royal Society of London. A},
  title     = {Contributions to the mathematical theory of evolution},
  year      = {1894},
  pages     = {71--110},
  volume    = {185},
  publisher = {JSTOR},
}

@article{abas2021generalized,
  title={The generalized method of moments for multi-reference alignment},
  author={Abas, Asaf and Bendory, Tamir and Sharon, Nir},
  journal={arXiv preprint arXiv:2103.02215},
  year={2021}
}

@Article{Hansen1982,
  author    = {Lars Peter Hansen},
  journal   = {Econometrica},
  title     = {Large Sample Properties of Generalized Method of Moments Estimators},
  year      = {1982},
  number    = {4},
  pages     = {1029},
  volume    = {50},
  doi       = {10.2307/1912775},
  publisher = {{JSTOR}},
}

@article{fan2018optimal,
  title={Optimal subspace estimation using overidentifying vectors via generalized method of moments},
  author={Fan, Jianqing and Zhong, Yiqiao},
  journal={arXiv preprint arXiv:1805.02826},
  year={2018}
}

@Article{roodman2009xtabond2,
  author    = {Roodman, David},
  journal   = {The Stata Journal},
  title     = {How to do xtabond2: An introduction to difference and system {GMM} in {S}tata},
  year      = {2009},
  number    = {1},
  pages     = {86--136},
  volume    = {9},
  publisher = {SAGE Publications Sage CA: Los Angeles, CA},
}

@InProceedings{8362313,
  author    = {Boumal, Nicolas and Bendory, Tamir and Lederman, Roy R. and Singer, Amit},
  booktitle = {2018 52nd Annual Conference on Information Sciences and Systems (CISS)},
  title     = {Heterogeneous multireference alignment: A single pass approach},
  year      = {2018},
  pages     = {1-6},
  doi       = {10.1109/CISS.2018.8362313},
}

@Book{Hall2005,
  author    = {Hall, Alastair R},
  publisher = {Oxford University Press},
  title     = {Generalized method of moments},
  year      = {2005},
}


@article{sigworth1998maximum,
  title={A maximum-likelihood approach to single-particle image refinement},
  author={Sigworth, Fred J},
  journal={Journal of Structural Biology},
  volume={122},
  number={3},
  pages={328--339},
  year={1998},
  publisher={Elsevier}
}

@article{abbe2018multireference,
  title={Multireference alignment is easier with an aperiodic translation distribution},
  author={Abbe, Emmanuel and Bendory, Tamir and Leeb, William and Pereira, Jo{\~a}o M and Sharon, Nir and Singer, Amit},
  journal={IEEE Transactions on Information Theory},
  volume={65},
  number={6},
  pages={3565--3584},
  year={2018},
  publisher={IEEE}
}

@article{wooldridge2001applications,
  title={Applications of generalized method of moments estimation},
  author={Wooldridge, Jeffrey M},
  journal={Journal of Economic perspectives},
  volume={15},
  number={4},
  pages={87--100},
  year={2001}
}

@article{akbar2016more,
  title={More on the relationship between corporate governance and firm performance in the UK: Evidence from the application of generalized method of moments estimation},
  author={Akbar, Saeed and Poletti-Hughes, Jannine and El-Faitouri, Ramadan and Shah, Syed Zulfiqar Ali},
  journal={Research in International Business and Finance},
  volume={38},
  pages={417--429},
  year={2016},
  publisher={Elsevier}
}

@article{de2002properties,
  title={The properties of Lp-{GMM} estimators},
  author={De Jong, Robert and Han, Chirok},
  journal={Econometric Theory},
  volume={18},
  number={2},
  pages={491--504},
  year={2002},
  publisher={Cambridge University Press}
}
@Article{singer2020computational,
  author    = {Singer, Amit and Sigworth, Fred J},
  journal   = {Annual Review of Biomedical Data Science},
  title     = {Computational methods for single-particle electron cryomicroscopy},
  year      = {2020},
  pages     = {163--190},
  volume    = {3},
  publisher = {Annual Reviews},
}

@Article{blundell2000gmm,
  author    = {Blundell, Richard and Bond, Stephen},
  journal   = {Econometric reviews},
  title     = {{GMM} estimation with persistent panel data: an application to production functions},
  year      = {2000},
  number    = {3},
  pages     = {321--340},
  volume    = {19},
  publisher = {Taylor \& Francis},
}

@Comment{jabref-meta: databaseType:bibtex;}

@inproceedings{bhamre2015orthogonal,
  title={Orthogonal matrix retrieval in cryo-electron microscopy},
  author={Bhamre, Tejal and Zhang, Teng and Singer, Amit},
  booktitle={2015 IEEE 12th International Symposium on Biomedical Imaging (ISBI)},
  pages={1048--1052},
  year={2015},
  organization={IEEE}
}

@article{bhamre2017anisotropic,
  title={Anisotropic twicing for single particle reconstruction using autocorrelation analysis},
  author={Bhamre, Tejal and Zhang, Teng and Singer, Amit},
  journal={arXiv preprint arXiv:1704.07969},
  year={2017}
}

@inproceedings{levin20183d,
  title={3{D} ab initio modeling in cryo-{EM} by autocorrelation analysis},
  author={Levin, Eitan and Bendory, Tamir and Boumal, Nicolas and Kileel, Joe and Singer, Amit},
  booktitle={2018 IEEE 15th International Symposium on Biomedical Imaging (ISBI 2018)},
  pages={1569--1573},
  year={2018},
  organization={IEEE}
}

@article{beinert2018enforcing,
  title={Enforcing uniqueness in one-dimensional phase retrieval by additional signal information in time domain},
  author={Beinert, Robert and Plonka, Gerlind},
  journal={Applied and Computational Harmonic Analysis},
  volume={45},
  number={3},
  pages={505--525},
  year={2018},
  publisher={Elsevier}
}

@incollection{bendory2017fourier,
  title={Fourier phase retrieval: Uniqueness and algorithms},
  author={Bendory, Tamir and Beinert, Robert and Eldar, Yonina C},
  booktitle={Compressed Sensing and its Applications},
  pages={55--91},
  year={2017},
  publisher={Springer}
}